@article{vereinteNationen,
    author = "A. Märker, B. Wagner, K. Hüfner et al.",
    title = "{60 Jahre Vereinte Nationen}. ({German})
    [{On} Aus Politik und Zeitgeschichte]",
    journal = "Das Parlament",
    volume = "22",
    number = "10",
    pages = "3--5",
    year = "2005",
    DOI = "https://www.bpb.de/system/files/pdf/4M2XRE.pdf",
    keywords = "Vereinte Nationen"
}

@article{tagesSpiegelEUKrise,
    title={Europa soll grüner und digitaler werden. EU-Parlament bestätigt das Team der künftigen Kommissionschefin von der Leyen mit breiter Mehrheit.},
    journal = "Der Tagesspiegel",
    volume = "28",
    number = "10",
    pages = "7",
    year = "2019",
    keywords = "Der TagesSpiegel"
}

@book{gehlerMichaelEU,
    author = "M. Gehler",
	title={Europa: Ideen, Institutionen, Vereinigung},
	subtitle={In: Praxis der Antriebstechnik},
    number = "01",
    pages = "10--15",
    year = "2005",
    keywords = "Europa Ideen"
}

@online{grundgesetzSouv,
    author = "Gesetzgeber",
    title = "Grundgesetz für die Bundesrepublik Deutschland, Art 20",
    url  = "https://www.gesetze-im-internet.de/gg/art_20.html",
    addendum = "(aufgerufen am 23.06.2020)",
    keywords = "Grundgesetz, Art 20"
}

@online{wirtschaftsraumEU,
    title = "Die Europäische Union",
    url  = "https://www.bpb.de/internationales/europa/europaeische-union/",
    addendum = "(aufgerufen am 23.06.2020)",
    keywords = "EU, Wirtschaftwachstum"
}

@online{rechtpersoenlichkeitEU,
    title = "RECHTSPERSÖNLICHKEIT DER UNION",
    url  = "https://eur-lex.europa.eu/summary/glossary/union_legal_personality.html?locale=de",
    addendum = "(aufgerufen am 23.06.2020)",
    keywords = "EU, RECHTSPERSÖNLICHKEIT"
}

@online{brexitDatum,
    title = "Brexit-Verhandlungen",
    url  = "https://ec.europa.eu/commission/brexit-negotiations_de",
    addendum = "(aufgerufen am 23.06.2020)",
    keywords = "Brexit, EU"
}

@online{montanunion1951 ,
    title = "Die Montanunion (1951)",
    url  = "https://de.wikipedia.org/wiki/Datei:European_Coal_and_Steel_Community_Map_1952.svg",
    addendum = "(aufgerufen am 25.06.2020)",
    keywords = "Montanunion, EU"
}

@online{euroArchive1951 ,
    title = "Europäische Union",
    url  = "https://web.archive.org/web/20140519151606/http://europa.eu/about-eu/eu-history/1945-1959/1951/index_de.htm",
    addendum = "(aufgerufen am 25.06.2020)",
    keywords = "Februar, 1951, EU"
}

@online{euroKommision1957 ,
    title = "Europäische Kommission",
    url  = "https://europa.eu/european-union/about-eu/history/1945-1959/1957_de#top",
    addendum = "(aufgerufen am 25.06.2020)",
    keywords = "1957, EU"
}

@online{euroKrise,
    title = "Wie geht es Europas Staaten?",
    url  = "https://www.tagesschau.de/wirtschaft/wirtschaftsdaten104.html",
    addendum = "(aufgerufen am 25.06.2020)",
    keywords = "Euro Krise, EU"
}

@online{euroInstitution,
    title = "Institutionen und Einrichtungen der EU",
    url  = "https://europa.eu/european-union/about-eu/institutions-bodies_de",
    addendum = "(aufgerufen am 25.06.2020)",
    keywords = "Euro Institution und Einrichtungen, EU"
}

@online{euroInZahlen,
    title = "Europa in Zahlen",
    url  = "https://www.destatis.de/Europa/DE/Home/_inhalt.html",
    addendum = "(aufgerufen am 25.06.2020)",
    keywords = "Europa in Zahlen"
}